@misc{link,
	title = {THIS IS A LINK},
month = {November 12,},
year = {2012},
	url = {www.google.com},
}
@misc{other,
	title = {Please dont show me},
month = {November 12,},
year = {2012},
	url = {www.google.com},
}

@book{knnbook,
author={Andreas Scherer},
title={Neuronale Netze: Grundlagen und Anwendungen},
publisher = {Vieweg, Wiesbaden},
year      = 1997,
isbn      = {978-3-528-05465-6},
}


@book{dlbook,
author={John D. Kelleher},
title={Deep Learning},
publisher = {The MIT Press, Cambridge, Massachusetts},
year      = 2019,
isbn      = {978-0-262-53755-1},
}


@book{mlbook,
author={Kenny Choo},
title={Machine Learning kompakt},
publisher = {Springer Spektrum, Wiesbaden},
year      = 2021,
isbn      = {978-3-658-32267-0},
}